<?xml version="1.0" encoding="UTF-8"?><collection><record><leader>06554ntm a2200577 a 4500</leader><controlfield tag="001">012440915</controlfield><controlfield tag="003">MiAaHDL</controlfield><controlfield tag="005">20190719000000.0</controlfield><controlfield tag="006">m        d        </controlfield><controlfield tag="007">cr bn ---auaua</controlfield><controlfield tag="008">130801q18451868tu            00| ||ota d</controlfield><datafield tag="035" ind1=" " ind2=" "><subfield code="a">(MiU)012440915</subfield></datafield><datafield tag="035" ind1=" " ind2=" "><subfield code="a">sdr-miu012440915</subfield></datafield><datafield tag="040" ind1=" " ind2=" "><subfield code="a">MiU</subfield><subfield code="c">MiU</subfield><subfield code="e">amremm</subfield></datafield><datafield tag="043" ind1=" " ind2=" "><subfield code="a">n-us-mi</subfield></datafield><datafield tag="100" ind1="1" ind2=" "><subfield code="6">880-01</subfield><subfield code="a">Darendeli.</subfield></datafield><datafield tag="245" ind1="1" ind2="0"><subfield code="6">880-03</subfield><subfield code="a">Ruzname,</subfield><subfield code="f">[19th century].</subfield></datafield><datafield tag="246" ind1="3" ind2="0"><subfield code="a">Takvim-i daimi</subfield></datafield><datafield tag="246" ind1="3" ind2="0"><subfield code="a">تقويم دائمى</subfield></datafield><datafield tag="260" ind1=" " ind2=" "><subfield code="a">[Istanbul,</subfield><subfield code="c">ca. 1845-1868?]</subfield></datafield><datafield tag="300" ind1=" " ind2=" "><subfield code="a">1 roll :</subfield><subfield code="b">parchment ;</subfield><subfield code="c">932 x 82 (60) mm. on wooden dowel with finials 102 mm.</subfield></datafield><datafield tag="500" ind1=" " ind2=" "><subfield code="a">Origin: As appears in colophon at close of roll, copied by Mehmet Zuhuri in the medrese (madrasah) of Mahmut Paşa Veli. Date of transcription not specified. Date with notes on paper lining leather wrap and added between month and day tables provides a terminus ante quem of 1868. Table of years covers 1261 [1845 or 6] through 1349 [ca. 1933]. Rubricated date between tables (1194 [1780 or 81]) may reflect date of transcription of the exemplar or date of composition of this recension.</subfield></datafield><datafield tag="500" ind1=" " ind2=" "><subfield code="a">Shelfmark: Ann Arbor, University of Michigan, Special Collections Library, Isl. Ms. 1055</subfield></datafield><datafield tag="500" ind1=" " ind2=" "><subfield code="a">Binding: Wrapped in a length of dark red-brown leather (lined with paper) attached to opening of roll ; rolled around narrow wooden dowel affixed to end of roll, finials of ivory or bone with inlaid wood and metal ; roll comprised of two lengths of parchment ; overall in fair condition with some abrasion and tears.</subfield></datafield><datafield tag="500" ind1=" " ind2=" "><subfield code="a">Support: Parchment ; two pieces of slightly different thicknesses joined with adhesive (seams and overlap visible) ; writing seemingly on hair side ; opening piece 610 mm. long, thin, but thicker and sturdier than second piece ; second piece 322 mm. long, quite thin and even transluscent ; some abrasion and tears, minor pigment burn.</subfield></datafield><datafield tag="500" ind1=" " ind2=" "><subfield code="a">Decoration: Opening rectangular panel may have once contained a horiscope, now effaced with traces of blank and orange ink (elsewhere orange ink has been used to apply writing over effaced contents of مدخل اذر columns) ; keywords and alternating columns or rows of headings and numerals rubricated ; jadwals surrounded by "gold" frames, gone to green ; outer margin defined by a narrower rule of the same.</subfield></datafield><datafield tag="500" ind1=" " ind2=" "><subfield code="a">Script: Naskh ; chiefly a clear Ottoman hand in a medium line, small and compact ; mainly serifless with very slight effect of inclination to the left, pointing (for two and three dots) in strokes rather than distinct dots, free assimilation of some letters (hāʼ joined to preceding dāl, etc.), point of nūn often assimilated with abbreviated bowl, etc.</subfield></datafield><datafield tag="500" ind1=" " ind2=" "><subfield code="a">Layout: Single column consisting of a series of tables (twelve in total) with notes addressing occasions, etc. in the margins framing the tables along the length of the roll.</subfield></datafield><datafield tag="500" ind1=" " ind2=" "><subfield code="a">Colophon: "Scribal," reads "سوده محمد ظهورى بمدرسۀ محمود پاشا ولى"</subfield></datafield><datafield tag="500" ind1=" " ind2=" "><subfield code="a">Explicit: "بو روزنامه ده تحرير اولان سمت قبلنك فائده سى بودر كه دائما صحيح ساعتلر بو جدولده كى مقداره كلدكده برادم كونشه قرشودورسه تمام قبليه توجه اتمش اولور وبو ضحوۀ كبرانك فائده سى قلبه كبى صحيح ساعتلر بو جدولده كى مقداره كلدكده ضحوۀ كبرى اولور وصوم ايچون امساك كمنه اون بش دقيقه مقدم اتمك كركدر م"</subfield></datafield><datafield tag="500" ind1=" " ind2=" "><subfield code="a">Incipit: "بو غره نماده محرم كلدكده شهور عربينك تحتنده اولان ارقاملرى سكز خانه ده اولان ارقامك سنه ده هر برينه ضم ايده دز هفته كونلرينك تحتنده ..."</subfield></datafield><datafield tag="500" ind1=" " ind2=" "><subfield code="a">Title from closing text (at end of roll) describing contents.</subfield></datafield><datafield tag="500" ind1=" " ind2=" "><subfield code="a">Ms. roll.</subfield></datafield><datafield tag="510" ind1="3" ind2=" "><subfield code="a">Türkische Kunst und Kultur aus osmanischer Zeit. Recklinghausen : A. Bongers, c1985.</subfield></datafield><datafield tag="510" ind1="3" ind2=" "><subfield code="a">Rogers, J. M. Empire of the Sultans: Ottoman Art from the Collection of Nasser D. Khalili. Geneva : Musée d'art et d'histoire ; London : Nour Foundation in association with Azimuth Editions, 1995.</subfield></datafield><datafield tag="510" ind1="4" ind2=" "><subfield code="a">Maddison, Francis and Emilie Savage-Smith. Pt. 1. Body and spirit, mapping the universe. Science, tools &amp; magic. Nasser D. Khalili Collection of Islamic Art, v. 12 ([London]: The Nour Foundation in association with Azimuth Editions and Oxford University Press, 1997),</subfield><subfield code="c">280-281</subfield></datafield><datafield tag="510" ind1="4" ind2=" "><subfield code="a">King, David A. A Survey of the Scientific Manuscripts in the Egyptian National Library (Winona Lake, IN: Eisenbrauns, 1986),</subfield><subfield code="c">no. H1, p.169</subfield></datafield><datafield tag="510" ind1="4" ind2=" "><subfield code="a">King, David A. "Part II. A Survey of Tables for Regulating the Times of Prayer." In In Synchrony with the Heavens. Studies in Astronomical Timekeeping and Instrumentation in Medieval Islamic Civilization. Volume I. The Call of the Muezzin (Studies I-IX) (Leiden: Brill, 2004):</subfield><subfield code="c">191-456</subfield></datafield><datafield tag="510" ind1="3" ind2=" "><subfield code="a">İhsanoğlu, Ekmeleddin, Ed. Osmanlı astronomi literatürü tarihi [= History of astronomy literature during the Ottoman period]. İstanbul : İslâm Tarih, Sanat ve Kültür Araştırma Merkezi, 1997. 2 vols.</subfield></datafield><datafield tag="520" ind1=" " ind2=" "><subfield code="a">Carefully executed copy of what appears to be a version of the almanac or calendar attributed to Darendeli Mehmet Efendi (Muḥammad ibn ʻUmar ibn ʻUthmān al-Dārandalī, d.1739) addressing qiblah direction, times of prayer, times of imsāk (15 minutes before time given which corresponds to dawn), etc. in rotulus format (i.e. scroll opening vertically). See King, "Part II. A Survey of Tables for Regulating the Times of Prayer," pp.442 (Fig. 14.4 b-c), 444-445 and Osmanlı astronomi literatürü tarihi (İhsanoğlu, Ed.), vol.1, no.271, pp.406-410.</subfield></datafield><datafield tag="538" ind1=" " ind2=" "><subfield code="a">Mode of access: Internet.</subfield></datafield><datafield tag="546" ind1=" " ind2=" "><subfield code="a">Ottoman Turkish.</subfield></datafield><datafield tag="561" ind1=" " ind2=" "><subfield code="a">Added table / calculation on paper lining leather wrap with date 1284 [1867 or 8] ; fairly clean copy.</subfield></datafield><datafield tag="650" ind1=" " ind2="0"><subfield code="a">Manuscripts, Turkish</subfield><subfield code="z">Michigan</subfield><subfield code="z">Ann Arbor.</subfield></datafield><datafield tag="650" ind1=" " ind2="0"><subfield code="a">Salat</subfield><subfield code="v">Early works to 1800.</subfield></datafield><datafield tag="650" ind1=" " ind2="0"><subfield code="a">Qiblah</subfield><subfield code="v">Early works to 1800.</subfield></datafield><datafield tag="650" ind1=" " ind2="0"><subfield code="a">Islamic almanacs</subfield><subfield code="v">Early works to 1800.</subfield></datafield><datafield tag="650" ind1=" " ind2="0"><subfield code="a">Islamic calendar</subfield><subfield code="v">Early works to 1800.</subfield></datafield><datafield tag="650" ind1=" " ind2="0"><subfield code="a">Perpetual calendars</subfield><subfield code="v">Early works to 1800.</subfield></datafield><datafield tag="650" ind1=" " ind2="0"><subfield code="a">Time measurements</subfield><subfield code="v">Handbooks, manuals, etc.</subfield><subfield code="v">Early works to 1800.</subfield></datafield><datafield tag="700" ind1="0" ind2=" "><subfield code="6">880-07</subfield><subfield code="a">Mehmet Zuhuri,</subfield><subfield code="e">scribe.</subfield></datafield><datafield tag="880" ind1="0" ind2=" "><subfield code="6">700-07/</subfield><subfield code="a">محمد ظهورى،</subfield><subfield code="e">ناسخ.</subfield></datafield><datafield tag="880" ind1="1" ind2="0"><subfield code="6">245-03/</subfield><subfield code="a">روزنامه،</subfield><subfield code="f">[القرن 19م].</subfield></datafield><datafield tag="880" ind1="1" ind2=" "><subfield code="6">100-01/</subfield><subfield code="a">درنده لى.</subfield></datafield><datafield tag="CID" ind1=" " ind2=" "><subfield code="a">012440915</subfield></datafield><datafield tag="DAT" ind1="0" ind2=" "><subfield code="a">20190719102642.0</subfield><subfield code="b">20190719000000.0</subfield></datafield><datafield tag="DAT" ind1="1" ind2=" "><subfield code="a">20190719090653.0</subfield><subfield code="b">2019-07-19T16:10:24Z</subfield></datafield><datafield tag="DAT" ind1="2" ind2=" "><subfield code="a">2018-12-22T19:00:03Z</subfield></datafield><datafield tag="CAT" ind1=" " ind2=" "><subfield code="a">SDR-MIU</subfield><subfield code="d">EX LIBRIS - ALEPH</subfield><subfield code="l">prepare.pl-004-008</subfield></datafield><datafield tag="FMT" ind1=" " ind2=" "><subfield code="a">BK</subfield></datafield><datafield tag="HOL" ind1=" " ind2=" "><subfield code="0">sdr-miu012440915</subfield><subfield code="a">MiU</subfield><subfield code="b">SDR</subfield><subfield code="c">MIU</subfield><subfield code="p">mdp.39015079133024</subfield><subfield code="s">MIU</subfield><subfield code="1">012440915</subfield></datafield><datafield tag="974" ind1=" " ind2=" "><subfield code="b">MIU</subfield><subfield code="c">MIU</subfield><subfield code="d">20190719</subfield><subfield code="s">lit-dlps-dc</subfield><subfield code="u">mdp.39015079133024</subfield><subfield code="y">1868</subfield><subfield code="r">pd</subfield><subfield code="q">bib</subfield><subfield code="t">non-US bib date2 &lt; 1879</subfield></datafield></record></collection>